@BOOK{bringhurst:2002,
  title = {{T}he {E}lements of {T}ypographic {S}tyle},
  publisher = {Hartley \& Marks Publishers},
  year = {2008},
  author = {Bringhurst, R. },
  series = {Version 3.2},
  address = {Point Roberts, WA, USA}
}

@ARTICLE{knuth:1974,
  author = {Knuth, D. E.},
  title = {{C}omputer {P}rogramming as an {A}rt},
  journal = {Communications of the ACM},
  year = {1974},
  volume = {17},
  pages = {667--673},
  number = {12},
  address = {New York, NY, USA},
  publisher = {ACM Press}
}

@BOOK{verne_journey:1957,
  title={Journey to the Center of the Earth},
  author={Verne, J.},
  isbn={9780758311993},
  series={Classics illustrated},
  year={1957},
  publisher={Huge Print Press}
}

@book{sutton2018reinforcement,
	title={Reinforcement learning: An introduction},
	author={Sutton, Richard S and Barto, Andrew G},
	year={2018},
	publisher={MIT press}
}

@book{puterman2014markov,
	title={Markov Decision Processes.: Discrete Stochastic Dynamic Programming},
	author={Puterman, Martin L},
	year={2014},
	publisher={John Wiley \& Sons}
}

@article{givan2000bounded,
	author    = {Robert Givan and
	Sonia M. Leach and
	Thomas L. Dean},
	title     = {Bounded-parameter Markov decision processes},
	journal   = {Artif. Intell.},
	volume    = {122},
	number    = {1-2},
	pages     = {71--109},
	year      = {2000}
}

@article{pirotta2015policy,
	author    = {Matteo Pirotta and
	Marcello Restelli and
	Luca Bascetta},
	title     = {Policy gradient in Lipschitz Markov Decision Processes},
	journal   = {Machine Learning},
	volume    = {100},
	number    = {2-3},
	pages     = {255--283},
	year      = {2015}
}

@inproceedings{rachelson2010locality,
	author    = {Emmanuel Rachelson and
	Michail G. Lagoudakis},
	title     = {On the locality of action domination in sequential decision making},
	booktitle = {{ISAIM}},
	year      = {2010}
}

@inproceedings{duan2016benchmarking,
	author    = {Yan Duan and
	Xi Chen and
	Rein Houthooft and
	John Schulman and
	Pieter Abbeel},
	title     = {Benchmarking Deep Reinforcement Learning for Continuous Control},
	booktitle = {{ICML}},
	series    = {{JMLR} Workshop and Conference Proceedings},
	volume    = {48},
	pages     = {1329--1338},
	publisher = {JMLR.org},
	year      = {2016}
}
